<record><leader>00000cas a22000007a 4500</leader><controlfield tag="001">12278347</controlfield><controlfield tag="008">850718d18681869mtuwr ne      0    0eng  </controlfield><datafield ind1=" " ind2=" " tag="010"><subfield code="a">sn 85042362 </subfield></datafield><datafield ind1=" " ind2=" " tag="040"><subfield code="a">DLC</subfield><subfield code="b">eng</subfield><subfield code="c">DLC</subfield><subfield code="d">UNP</subfield><subfield code="d">MTL</subfield><subfield code="d">CNK</subfield><subfield code="d">DLC</subfield><subfield code="d">OCLCQ</subfield></datafield><datafield ind1=" " ind2=" " tag="042"><subfield code="a">msc</subfield></datafield><datafield ind1="0" ind2="0" tag="050"><subfield code="a">Newspaper</subfield></datafield><datafield ind1="0" ind2="4" tag="245"><subfield code="a">The Weekly Montana Democrat.</subfield></datafield><datafield ind1="1" ind2=" " tag="246"><subfield code="i">Also published as:</subfield><subfield code="a">Montana weekly Democrat</subfield></datafield><datafield ind1="1" ind2="3" tag="246"><subfield code="a">Democrat</subfield></datafield><datafield ind1="1" ind2="3" tag="246"><subfield code="a">Montana Democrat</subfield></datafield><datafield ind1=" " ind2=" " tag="260"><subfield code="a">Virginia City, Mont. :</subfield><subfield code="b">J.P. Bruce</subfield></datafield><datafield ind1=" " ind2=" " tag="300"><subfield code="a">v. ;</subfield><subfield code="c">55 cm.</subfield></datafield><datafield ind1=" " ind2=" " tag="310"><subfield code="a">Weekly</subfield></datafield><datafield ind1="1" ind2=" " tag="362"><subfield code="a">Began in June 1868.</subfield><subfield code="z">Cf. Monana Democrat (Virginia City, Mont. : Weekly).</subfield></datafield><datafield ind1="1" ind2=" " tag="362"><subfield code="a">Ceased with Aug., 1869 issue.</subfield><subfield code="z">Cf. Gregory, W. Amer. newspapers.</subfield></datafield><datafield ind1=" " ind2=" " tag="500"><subfield code="a">Sometimes published as: Montana weekly democrat.</subfield></datafield><datafield ind1=" " ind2=" " tag="580"><subfield code="a">Other editions available: Tri-weekly Democrat (Virginia City, Mont.); Montana Democrat (Virginia City, Mont. : Triweekly).</subfield></datafield><datafield ind1=" " ind2=" " tag="588"><subfield code="a">Description based on: Vol. 3, no. 33 (July 18, 1868).</subfield></datafield><datafield ind1=" " ind2=" " tag="752"><subfield code="a">United States</subfield><subfield code="b">Montana</subfield><subfield code="c">Madison</subfield><subfield code="d">Virginia City.</subfield></datafield><datafield ind1="1" ind2=" " tag="775"><subfield code="t">Tri-weekly Democrat (Virginia City, Mont.)</subfield><subfield code="w">(DLC)sn 84027515</subfield></datafield><datafield ind1="1" ind2=" " tag="775"><subfield code="t">Montana Democrat (Virginia City, Mont.: Triweekly</subfield><subfield code="w">(DLC)sn 85042360</subfield></datafield><datafield ind1="0" ind2="0" tag="780"><subfield code="t">Montana Democrat (Virginia City, Mont. : Weekly)</subfield><subfield code="w">(DLC)sn 85042361</subfield><subfield code="w">(OCoLC)12278284</subfield></datafield><datafield ind1="1" ind2=" " tag="029"><subfield code="a">AU@</subfield><subfield code="b">000026224676</subfield></datafield></record>